@proceedings{.2011,
 year = {2011},
 title = {2011 37th EUROMICRO Conference on Software Engineering and Advanced Applications}
}


@article{Anderson.2010,
 author = {Anderson, David J. and Joyce, David P. and Keogh, Elizabeth and Loh, Robert Y. and Middleton, Peter and Shalloway, Alan and Skarin, Mattias and Sowa, Erik C. and Stevens, Dean C. and Stevens, Dennis E. and others},
 year = {2010},
 title = {PROCEEDINGS OF$\ldots$ LEAN SOFTWARE {\&}SYSTEMS CONFERENCE}
}


@misc{AslakHellesy.,
 author = {{Aslak Helles{\o}y}},
 title = {The world's most misunderstood collaboration tool},
 url = {https://cucumber.io/blog/2014/03/03/the-worlds-most-misunderstood-collaboration-tool}
}


@inproceedings{C.Solis.2011,
 author = {{C. Solis} and {X. Wang}},
 title = {A Study of the Characteristics of Behaviour Driven Development},
 keywords = {agile development approach;Automated Acceptance Testing;BDD approach;BDD characteristics;behaviour driven development;Boolean functions;Business;Context;Data structures;Programming;Software;software prototyping;Test Driven Development;Testing;Ubiquitous Language},
 pages = {383--387},
 booktitle = {2011 37th EUROMICRO Conference on Software Engineering and Advanced Applications},
 year = {2011},
 doi = {10.1109/SEAA.2011.76}
}


@misc{DanNorth.,
 author = {{Dan North}},
 title = {Introducing BDD},
 url = {https://dannorth.net/introducing-bdd/}
}


@article{IoanLazar.2010,
 author = {{Ioan LazÄƒr} and {Simona Motogna} and {Bazil P{\^a}rv}},
 year = {2010},
 title = {Behaviour-Driven Development of Foundational UML Components},
 url = {http://www.sciencedirect.com/science/article/pii/S1571066110000666},
 keywords = {acceptance criteria;behaviour-driven development;executable specification;executable UML;user story},
 pages = {91--105},
 volume = {264},
 number = {1},
 issn = {1571-0661},
 journal = {Electronic Notes in Theoretical Computer Science},
 doi = {10.1016/j.entcs.2010.07.007}
}


@article{RogerioAtemdeCarvalho.2010,
 author = {{Rog{\'e}rio Atem de Carvalho} and {Fernando Luis de Carvalho e Silva} and {Rodrigo Soares Manh{\~a}es}},
 year = {2010},
 title = {Mapping Business Process Modeling constructs to Behavior Driven Development  Ubiquitous Language},
 volume = {abs/1006.4892},
 journal = {CoRR}
}


@article{RogerioAtemdeCarvalho.2010b,
 author = {{Rog{\'e}rio Atem de Carvalho} and {Rodrigo Soares Manh{\~a}es} and {Fernando Luis de Carvalho e Silva}},
 year = {2010},
 title = {Filling the Gap between Business Process Modeling and Behavior Driven  Development},
 volume = {abs/1005.4975},
 journal = {CoRR}
}


@misc{Sundberg.,
 author = {Sundberg, Thomas},
 title = {Where should you use Behaviour Driven Development, BDD?},
 url = {http://www.thinkcode.se/blog/2016/03/26/where-should-you-use-behaviour-driven-development-bdd}
}


